@Article{Polyakov,
  author = {M. V. Polyakov and C. Weiss},
  title  = {Skewed and double distributions in the pion and the nucleon},
  issn   = {0556-2821},
  volume = {60},
  doi    = {10.1103/physrevd.60.114017},
}

@Article{Diehl2005,
  author = {M. Diehl and Th Feldmann and R. Jakob and P. Kroll},
  title  = {Generalized parton distributionsfrom nucleon form factor data},
  year   = {2005},
  issn   = {1434-6044},
  pages  = {1-39},
  volume = {39},
  doi    = {10.1140/epjc/s2004-02063-4},
}

@Article{Daniel,
  author = {Daniel C.Hackett, Dimitra A. Pefkou, and Phiala E. Shanahan},
  title  = {Gravitational form factors of the proton from lattice QCD},
}

@Article{Gao2024,
  author        = {Gao, Zhengyang and He, Fangcheng and Ji, Chueng-Ryong and Melnitchouk, W. and Salamu, Y. and Wang, P.},
  title         = {{Nonlocal chiral contributions to generalized parton distributions of the proton at nonzero skewness}},
  year          = {2024},
  month         = {6},
  archiveprefix = {arXiv},
  eprint        = {2406.03412},
  primaryclass  = {hep-ph},
}

@Comment{jabref-meta: databaseType:bibtex;}
